@book{sanchez2008,
  author    = {Sánchez, J. and Cascante, A.},
  title     = {Árboles ornamentales del Valle Central de Costa Rica: especies con floración llamativa},
  publisher = {Instituto Nacional de Biodiversidad},
  year      = {2008}
}

@article{dean2003,
  author  = {Dean, J.},
  title   = {Calculation of Wood Volume and Stem Taper Using Terrestrial Single-Image Close-Range Photogrammetry and Contemporary Software Tools},
  journal = {Silva Fennica},
  volume  = {37},
  number  = {3},
  pages   = {359--380},
  year    = {2003}
}

@online{Express,
  author = {{OpenJS Foundation}},
  title  = {Express — Web framework for Node.js},
  year   = {2025},
  url    = {https://expressjs.com/},
  note   = {[Online]. Available: https://expressjs.com/. Accessed: Sep. 29, 2025}
}

@phdthesis{FieldingREST,
  author = {Roy T. Fielding},
  title  = {Architectural Styles and the Design of Network-based Software Architectures},
  school = {University of California, Irvine},
  year   = {2000},
  url    = {https://www.ics.uci.edu/~fielding/pubs/dissertation/fielding_dissertation.pdf},
  note   = {[Online]. Available: https://www.ics.uci.edu/~fielding/pubs/dissertation/fielding_dissertation.pdf. Accessed: Sep. 29, 2025}
}

@misc{JWT,
  author       = {M. Jones and J. Bradley and N. Sakimura},
  title        = {{RFC} 7519: {JSON Web Token (JWT)}},
  howpublished = {Internet Engineering Task Force (IETF)},
  year         = {2015},
  url          = {https://www.rfc-editor.org/rfc/rfc7519},
  note         = {[Online]. Available: https://www.rfc-editor.org/rfc/rfc7519. Accessed: Sep. 29, 2025}
}

@online{Microsoft,
  author = {{Microsoft}},
  title  = {Microsoft Edge and Cross-Browser Compatibility Documentation},
  year   = {2025},
  url    = {https://learn.microsoft.com/},
  note   = {[Online]. Available: https://learn.microsoft.com/. Accessed: Sep. 29, 2025}
}

@online{MongoDB,
  author = {{MongoDB, Inc.}},
  title  = {MongoDB Documentation},
  year   = {2025},
  url    = {https://www.mongodb.com/docs/},
  note   = {[Online]. Available: https://www.mongodb.com/docs/. Accessed: Sep. 29, 2025}
}

@online{Mongoose,
  author = {{Automattic}},
  title  = {Mongoose {ODM} Documentation},
  year   = {2025},
  url    = {https://mongoosejs.com/},
  note   = {[Online]. Available: https://mongoosejs.com/. Accessed: Sep. 29, 2025}
}

@online{MVC,
  author = {Trygve Reenskaug},
  title  = {Models–Views–Controllers},
  year   = {1979},
  url    = {http://heim.ifi.uio.no/~trygver/1979/mvc-3.0.pdf},
  note   = {[Online]. Available: http://heim.ifi.uio.no/~trygver/1979/mvc-3.0.pdf. Accessed: Sep. 29, 2025}
}

@online{NodeJS,
  author = {{OpenJS Foundation}},
  title  = {Node.js Official Website},
  year   = {2025},
  url    = {https://nodejs.org/},
  note   = {[Online]. Available: https://nodejs.org/. Accessed: Sep. 29, 2025}
}

@book{ortiz2014,
  author    = {Ortíz, E.}, 
  title     = {Atlas Digital de Costa Rica 2014},
  publisher = {Instituto Tecnológico de Costa Rica},
  year      = {2014}
}

@online{React,
  author = {{Meta Platforms, Inc.}},
  title  = {React Documentation},
  year   = {2025},
  url    = {https://react.dev/},
  note   = {[Online]. Available: https://react.dev/. Accessed: Sep. 29, 2025}
}
